@book{rudin1998analyse,
  title={Analyse r{\'e}elle et complexe: cours et exercices},
  author={Rudin, W.},
  isbn={9782100040049},
  series={Sciences sup},
  url={https://books.google.fr/books?id=04nCPAAACAAJ},
  year={1998},
  publisher={Dunod}
}
